@Article{ahlstrom2015,
  Author = {Ahlstrom, A. and Raupach, M. R. and Schurgers, G. and Smith, B. and Arneth, A. and Jung, M. and Reichstein, M. and Canadell, J. G. and Friedlingstein, P. and Jain, A. K. and Kato, E. and Poulter, B. and Sitch, S. and Stocker, B. D. and Viovy, N. and Wang, Y. P. and Wiltshire, A. and Zaehle, S. and Zeng, N.},
  Journal = {Science},
  Number = {6237},
  Pages = {895--899},
  Title = {The dominant role of semi-arid ecosystems in the trend and variability of the land CO2 sink},
  Volume = {348},
  Year = {2015},
  Doi = {10.1126/science.aaa1668},
  Issn = {0036-8075}
}


@Article{allred2021,
  Author = {Allred, Brady W. and Bestelmeyer, Brandon T. and Boyd, Chad S. and Brown, Christopher and Davies, Kirk W. and Duniway, Michael C. and Ellsworth, Lisa M. and Erickson, Tyler A. and Fuhlendorf, Samuel D. and Griffiths, Timothy V. and Jansen, Vincent and Jones, Matthew O. and Karl, Jason and Knight, Anna and Maestas, Jeremy D. and Maynard, Jonathan J. and McCord, Sarah E. and Naugle, David E. and Starns, Heath D. and Twidwell, Dirac and Uden, Daniel R.},
  Editor = {Freckleton, Robert},
  Journal = {Methods in Ecology and Evolution},
  Pages = {2041--210X.13564},
  Title = {Improving Landsat predictions of rangeland fractional cover with multitask learning and uncertainty},
  Year = {2021},
  Doi = {10.1111/2041-210X.13564},
  Issn = {2041210X}
}


@Article{andela2013,
  Author = {Andela, N. and Liu, Y. Y. and {M. Van Dijk}, A. I.J. and {De Jeu}, R. A.M. and McVicar, T. R.},
  Journal = {Biogeosciences},
  Number = {10},
  Pages = {6657--6676},
  Title = {Global changes in dryland vegetation dynamics (1988-2008) assessed by satellite remote sensing: Comparing a new passive microwave vegetation density record with reflective greenness data},
  Volume = {10},
  Year = {2013},
  Doi = {10.5194/bg-10-6657-2013},
  Issn = {17264170}
}


@Article{baghzouz2010,
  Author = {Baghzouz, Malika and Devitt, Dale A. and Fenstermaker, Lynn F. and Young, Michael H.},
  Journal = {Remote Sensing},
  Number = {4},
  Pages = {990--1013},
  Title = {Monitoring vegetation phenological cycles in two different semi-arid environmental settings using a ground-based NDVI system: A potential approach to improve satellite data interpretation},
  Volume = {2},
  Year = {2010},
  Doi = {10.3390/rs2040990},
  Issn = {20724292}
}


@Article{beatley1974a,
  Author = {Beatley, Janice C.},
  Journal = {Ecology},
  Number = {4},
  Pages = {856--863},
  Title = {Phenological Events and Their Environmental Triggers in Mojave Desert Ecosystems},
  Volume = {55},
  Year = {1974},
  Doi = {10.2307/1934421},
  Issn = {1095-922X}
}


@Article{bolton2020,
  Author = {Bolton, Douglas K. and Gray, Josh M. and Melaas, Eli K. and Moon, Minkyu and Eklundh, Lars and Friedl, Mark A.},
  Journal = {Remote Sensing of Environment},
  Pages = {111685},
  Title = {Continental-scale land surface phenology from harmonized Landsat 8 and Sentinel-2 imagery},
  Volume = {240},
  Year = {2020},
  Doi = {10.1016/j.rse.2020.111685},
  Issn = {00344257}
}


@Article{borgogno-mondino2016,
  Author = {Borgogno-Mondino, Enrico and Lessio, Andrea and Gomarasca, Mario Angelo},
  Journal = {European Journal of Remote Sensing},
  Number = {1},
  Pages = {137--156},
  Title = {A fast operative method for NDVI uncertainty estimation and its role in vegetation analysis},
  Volume = {49},
  Year = {2016},
  Doi = {10.5721/EuJRS20164908},
  Issn = {22797254}
}


@Article{bradley2018,
  Author = {Bradley, Bethany A. and Curtis, Caroline A. and Fusco, Emily J. and Abatzoglou, John T. and Balch, Jennifer K. and Dadashi, Sepideh and Tuanmu, Mao Ning},
  Journal = {Biological Invasions},
  Number = {6},
  Pages = {1493--1506},
  Title = {Cheatgrass (Bromus tectorum) distribution in the intermountain Western United States and its relationship to fire frequency, seasonality, and ignitions},
  Volume = {20},
  Year = {2018},
  Doi = {10.1007/s10530-017-1641-8},
  Issn = {15731464}
}


@Article{bradley2008,
  Author = {Bradley, Bethany A. and Mustard, John F.},
  Journal = {Global Change Biology},
  Number = {2},
  Pages = {334--346},
  Title = {Comparison of phenology trends by land cover class: A case study in the Great Basin, USA},
  Volume = {14},
  Year = {2008},
  Doi = {10.1111/j.1365-2486.2007.01479.x},
  Issn = {13541013},
  Pmid = {97}
}


@Article{browning2018,
  Author = {Browning, Dawn M. and Crimmins, Theresa M. and James, Darren K. and Spiegal, Sheri and Levi, Matthew R. and Anderson, John P. and Peters, Debra P.C.},
  Journal = {Ecosphere},
  Number = {9},
  Pages = {e02395},
  Title = {Synchronous species responses reveal phenological guilds: implications for management},
  Volume = {9},
  Year = {2018},
  Doi = {10.1002/ecs2.2395},
  Issn = {21508925}
}


@Article{browning2017b,
  Author = {Browning, Dawn M. and Karl, Jason W. and Morin, David and Richardson, Andrew D. and Tweedie, Craig E.},
  Journal = {Remote Sensing},
  Number = {10},
  Pages = {1071},
  Title = {Phenocams bridge the gap between field and satellite observations in an arid grassland ecosystem},
  Volume = {9},
  Year = {2017},
  Doi = {10.3390/rs9101071},
  Issn = {20724292}
}


@Article{browning2015,
  Author = {Browning, Dawn M. and Rango, Albert and Karl, Jason W. and Laney, Christine M. and Vivoni, Enrique R. and Tweedie, Craig E.},
  Journal = {Frontiers in Ecology and the Environment},
  Number = {1},
  Pages = {52--60},
  Title = {Emerging technological and cultural shifts advancing drylands research and management},
  Volume = {13},
  Year = {2015},
  Doi = {10.1890/140161},
  Issn = {15409309}
}


@Article{buitenwerf2015,
  Author = {Buitenwerf, Robert and Rose, Laura and Higgins, Steven I.},
  Journal = {Nature Climate Change},
  Number = {4},
  Pages = {364--368},
  Title = {Three decades of multi-dimensional change in global leaf phenology},
  Volume = {5},
  Year = {2015},
  Doi = {10.1038/nclimate2533},
  Issn = {17586798}
}


@Article{cao2019,
  Author = {Cao, Sen and Danielson, Brad and Clare, Shari and Koenig, Shantel and Campos-Vargas, Carlos and Sanchez-Azofeifa, Arturo},
  Journal = {ISPRS Journal of Photogrammetry and Remote Sensing},
  Number = {January},
  Pages = {132--145},
  Title = {Radiometric calibration assessments for UAS-borne multispectral cameras: Laboratory and field protocols},
  Volume = {149},
  Year = {2019},
  Doi = {10.1016/j.isprsjprs.2019.01.016},
  Issn = {09242716}
}


@Article{carlson1997,
  Author = {Carlson, Toby N. and Ripley, David A.},
  Journal = {Remote Sensing of Environment},
  Number = {3},
  Pages = {241--252},
  Title = {On the relation between NDVI, fractional vegetation cover, and leaf area index},
  Volume = {62},
  Year = {1997},
  Doi = {10.1016/S0034-4257(97)00104-1},
  Issn = {00344257}
}

@article{casady2013,
    author = {Casady, Grant and {van Leeuwen}, Willem and Reed, Bradley},
    doi = {10.3390/rs5020909},
    issn = {2072-4292},
    journal = {Remote Sensing},
    number = {2},
    pages = {909--926},
    title = {{Estimating Winter Annual Biomass in the Sonoran and Mojave Deserts with Satellite- and Ground-Based Observations}},
    url = {http://www.mdpi.com/2072-4292/5/2/909},
    volume = {5},
    year = {2013}
}

@article{chavez2019,
    author = {Ch{\'{a}}vez, R.O. and Moreira-Mu{\~{n}}oz, A. and Galleguillos, M. and Olea, M. and Aguayo, J. and Lat{\'{i}}n, A. and Aguilera-Betti, I. and Mu{\~{n}}oz, A.A. and Manr{\'{i}}quez, H.},
    doi = {10.1016/j.jag.2018.11.013},
    issn = {03032434},
    journal = {International Journal of Applied Earth Observation and Geoinformation},
    number = {December 2018},
    pages = {193--203},
    title = {{GIMMS NDVI time series reveal the extent, duration, and intensity of “blooming desert” events in the hyper-arid Atacama Desert, Northern Chile}},
    url = {https://linkinghub.elsevier.com/retrieve/pii/S0303243418306202},
    volume = {76},
    year = {2019}
}


@Article{chen-jin2019,
  Author = {Chen, Bin and Jin, Yufang and Brown, Patrick},
  Journal = {ISPRS Journal of Photogrammetry and Remote Sensing},
  Number = {April},
  Pages = {108--120},
  Publisher = {Elsevier},
  Title = {An enhanced bloom index for quantifying floral phenology using multi-scale remote sensing observations},
  Volume = {156},
  Year = {2019},
  Doi = {10.1016/j.isprsjprs.2019.08.006},
  Issn = {09242716}
}


@Article{chen-zorn2013,
  Author = {Chen, W. and Zorn, P. and Chen, Z. and Latifovic, R. and Zhang, Y. and Li, J. and Quirouette, J. and Olthof, I. and Fraser, R. and Mclennan, D. and Poitevin, J. and Stewart, H. M. and Sharma, R.},
  Journal = {Remote Sensing of Environment},
  Pages = {205--218},
  Title = {Propagation of errors associated with scaling foliage biomass from field measurements to remote sensing data over a northern Canadian national park},
  Volume = {130},
  Year = {2013},
  Doi = {10.1016/j.rse.2012.11.012},
  Issn = {00344257}
}


@Article{chen-wang2018,
  Author = {Chen, Xiang and Wang, Dawei and Chen, Jin and Wang, Cong and Shen, Miaogen},
  Journal = {Remote Sensing of Environment},
  Number = {March},
  Pages = {338--344},
  Title = {The mixed pixel effect in land surface phenology: A simulation study},
  Volume = {211},
  Year = {2018},
  Doi = {10.1016/j.rse.2018.04.030},
  Issn = {00344257}
}


@Article{cheng-vrieling2020,
  Author = {Cheng, Yan and Vrieling, Anton and Fava, Francesco and Meroni, Michele and Marshall, Michael and Gachoki, Stella},
  Journal = {Remote Sensing of Environment},
  Pages = {112004},
  Title = {Phenology of short vegetation cycles in a Kenyan rangeland from PlanetScope and Sentinel-2},
  Volume = {248},
  Year = {2020},
  Doi = {10.1016/j.rse.2020.112004},
  Issn = {00344257}
}


@Article{cortes2021,
  Author = {Cort{\'{e}}s, Jos{\'{e}} and Mahecha, Miguel D. and Reichstein, Markus and Myneni, Ranga B. and Chen, Chi and Brenning, Alexander},
  Journal = {Geophysical Research Letters},
  Number = {6},
  Title = {Where Are Global Vegetation Greening and Browning Trends Significant?},
  Volume = {48},
  Year = {2021},
  Doi = {10.1029/2020gl091496},
  Issn = {0094-8276}
}


@Article{dannenberg2017,
  Author = {Dannenberg, Matthew P. and Wise, Erika K.},
  Journal = {Global Change Biology},
  Number = {11},
  Pages = {4896--4906},
  Title = {Shifting Pacific storm tracks as stressors to ecosystems of western North America},
  Volume = {23},
  Year = {2017},
  Doi = {10.1111/gcb.13748},
  Issn = {13652486},
  Pmid = {28464444}
}


@Article{dannenberg2020,
  Author = {Dannenberg, Matthew and Wang, Xian and Yan, Dong and Smith, William},
  Journal = {Remote Sensing},
  Number = {4},
  Pages = {671},
  Title = {Phenological Characteristics of Global Ecosystems Based on Optical, Fluorescence, and Microwave Remote Sensing},
  Volume = {12},
  Year = {2020},
  Doi = {10.3390/rs12040671},
  Issn = {2072-4292}
}


@Article{denny2014,
  Author = {Denny, Ellen G. and Gerst, Katharine L. and Miller-Rushing, Abraham J. and Tierney, Geraldine L. and Crimmins, Theresa M. and Enquist, Carolyn A.F. and Guertin, Patricia and Rosemartin, Alyssa H. and Schwartz, Mark D. and Thomas, Kathryn A. and Weltzin, Jake F.},
  Journal = {International Journal of Biometeorology},
  Number = {4},
  Pages = {591--601},
  Title = {Standardized phenology monitoring methods to track plant and animal activity for science and resource management applications},
  Volume = {58},
  Year = {2014},
  Doi = {10.1007/s00484-014-0789-5},
  Issn = {00207128},
  Pmid = {24458770}
}


@Article{dixon2021,
  Author = {Dixon, Dan J. and Callow, J. Nikolaus and Duncan, John M.A. and Setterfield, Samantha A. and Pauli, Natasha},
  Journal = {Remote Sensing of Environment},
  Pages = {112197},
  Title = {Satellite prediction of forest flowering phenology},
  Volume = {255},
  Year = {2021},
  Doi = {10.1016/j.rse.2020.112197},
  Issn = {00344257}
}


@Article{elmore2012,
  Author = {Elmore, Andrew J. and Guinn, Steven M. and Minsley, Burke J. and Richardson, Andrew D.},
  Journal = {Global Change Biology},
  Number = {2},
  Pages = {656--674},
  Title = {Landscape controls on the timing of spring, autumn, and growing season length in mid-Atlantic forests},
  Volume = {18},
  Year = {2012},
  Doi = {10.1111/j.1365-2486.2011.02521.x},
  Issn = {13541013}
}


@Article{ernest2000,
  Author = {Ernest, S. K. Morgan and Brown, James H. and Parmenter, Robert R.},
  Journal = {Oikos},
  Number = {3},
  Pages = {470--482},
  Title = {Rodents, plants, and precipitation: Spatial and temporal dynamics of consumers and resources},
  Volume = {88},
  Year = {2000},
  Doi = {10.1034/j.1600-0706.2000.880302.x},
  Issn = {00301299}
}


@Article{fan2017,
  Author = {Fan, Xingwang and Liu, Yuanbo},
  Journal = {International Journal of Remote Sensing},
  Number = {19},
  Pages = {5273--5290},
  Title = {A comparison of NDVI intercalibration methods},
  Volume = {38},
  Year = {2017},
  Doi = {10.1080/01431161.2017.1338784},
  Issn = {13665901}
}


@Article{fensholt2012,
  Author = {Fensholt, Rasmus and Langanke, Tobias and Rasmussen, Kjeld and Reenberg, Anette and Prince, Stephen D. and Tucker, Compton and Scholes, Robert J. and Le, Quang Bao and Bondeau, Alberte and Eastman, Ron and Epstein, Howard and Gaughan, Andrea E. and Hellden, Ulf and Mbow, Cheikh and Olsson, Lennart and Paruelo, Jose and Schweitzer, Christian and Seaquist, Jonathan and Wessels, Konrad},
  Journal = {Remote Sensing of Environment},
  Pages = {144--158},
  Title = {Greenness in semi-arid areas across the globe 1981-2007 - an Earth Observing Satellite based analysis of trends and drivers},
  Volume = {121},
  Year = {2012},
  Doi = {10.1016/j.rse.2012.01.017},
  Issn = {00344257}
}


@Article{frankenberg2014,
  Author = {Frankenberg, Christian and O'Dell, Chris and Berry, Joseph and Guanter, Luis and Joiner, Joanna and K{\"{o}}hler, Philipp and Pollock, Randy and Taylor, Thomas E.},
  Journal = {Remote Sensing of Environment},
  Pages = {1--12},
  Title = {Prospects for chlorophyll fluorescence remote sensing from the Orbiting Carbon Observatory-2},
  Volume = {147},
  Year = {2014},
  Doi = {10.1016/j.rse.2014.02.007},
  Issn = {00344257}
}


@Techreport{friedl2006,
  Author = {Friedl, M and Henebry, G M and Reed, B and Huete, A and White, Michael and Morisette, Jeff and Nemani, Rama and Zhang, Xiaoyang and Myneni, Ranga},
  Title = {Land Surface Phenology: a community white paper requested by NASA},
  Year = {2006},
  Url = {https://cce.nasa.gov/mtg2008_ab_presentations/Phenology_Friedl_whitepaper.pdf}
}


@Article{gamon1995,
  Author = {Gamon, J. A. and Field, C. B. and Goulden, M. L. and Griffin, K. L. and Hartley, A. E. and Joel, G. and Penuelas, J. and Valentini, R.},
  Journal = {Ecological Applications},
  Number = {1},
  Pages = {28--41},
  Title = {Relationships between NDVI, canopy structure, and photosynthesis in three Californian vegetation types},
  Volume = {5},
  Year = {1995},
  Doi = {10.2307/1942049},
  Issn = {10510761}
}


@Article{gao2020b,
  Author = {Gao, Feng and Anderson, Martha C. and Hively, W. Dean},
  Journal = {Remote Sensing},
  Number = {21},
  Pages = {3524},
  Title = {Detecting Cover Crop End-Of-Season Using VENµS and Sentinel-2 Satellite Imagery},
  Volume = {12},
  Year = {2020},
  Doi = {10.3390/rs12213524},
  Issn = {2072-4292}
}


@Article{gao2017,
  Author = {Gao, Feng and Anderson, Martha C. and Zhang, Xiaoyang and Yang, Zhengwei and Alfieri, Joseph G. and Kustas, William P. and Mueller, Rick and Johnson, David M. and Prueger, John H.},
  Journal = {Remote Sensing of Environment},
  Pages = {9--25},
  Title = {Toward mapping crop progress at field scales through fusion of Landsat and MODIS imagery},
  Volume = {188},
  Year = {2017},
  Doi = {10.1016/j.rse.2016.11.004},
  Issn = {00344257}
}


@Article{gao2020a,
  Author = {Gao, Feng and Anderson, Martha and Daughtry, Craig and Karnieli, Arnon and Hively, Dean and Kustas, William},
  Journal = {Remote Sensing of Environment},
  Pages = {111752},
  Title = {A within-season approach for detecting early growth stages in corn and soybean using high temporal and spatial resolution imagery},
  Volume = {242},
  Year = {2020},
  Doi = {10.1016/j.rse.2020.111752},
  Issn = {00344257}
}


@Article{gao-zhang2021,
  Author = {Gao, Feng and Zhang, Xiaoyang},
  Journal = {Journal of Remote Sensing},
  Pages = {1--14},
  Title = {Mapping Crop Phenology in Near Real-Time Using Satellite Remote Sensing: Challenges and Opportunities},
  Volume = {2021},
  Year = {2021},
  Doi = {10.34133/2021/8379391},
  Issn = {2694-1589}
}


@Article{garonna2016,
  Author = {Garonna, Irene and de Jong, Rogier and Schaepman, Michael E.},
  Journal = {Global Change Biology},
  Number = {4},
  Pages = {1456--1468},
  Title = {Variability and evolution of global land surface phenology over the past three decades (1982-2012)},
  Volume = {22},
  Year = {2016},
  Doi = {10.1111/gcb.13168},
  Issn = {13652486},
  Pmid = {26924776}
}


@Article{gray2019,
  Author = {Gray, J. and Sulla-Menashe, D. and Friedl, M. A.},
  Journal = {User Guide},
  Pages = {1--8},
  Title = {User Guide to Collection 6 MODIS Land Cover Dynamics (MCD12Q2) Product},
  Volume = {6},
  Year = {2019}
}


@Article{helman2018,
  Author = {Helman, David},
  Journal = {Science of the Total Environment},
  Pages = {665--673},
  Title = {Land surface phenology: What do we really ‘see' from space?},
  Volume = {618},
  Year = {2018},
  Doi = {10.1016/j.scitotenv.2017.07.237},
  Issn = {18791026},
  Pmid = {29037474}
}


@Article{hoover2020,
  Author = {Hoover, David L and Bestelmeyer, Brandon and Grimm, Nancy B and Huxman, Travis E and Reed, Sasha C and Sala, Osvaldo and Seastedt, Timothy R and Wilmer, Hailey and Ferrenberg, Scott},
  Journal = {BioScience},
  Number = {1},
  Pages = {35--47},
  Title = {Traversing the Wasteland: A Framework for Assessing Ecological Threats to Drylands},
  Volume = {70},
  Year = {2020},
  Doi = {10.1093/biosci/biz126},
  Issn = {0006-3568}
}


@Article{hou-du2019,
  Author = {Hou, Jing and Du, Lingtong and Liu, Ke and Hu, Yue and Zhu, Yuguo},
  Journal = {Theoretical and Applied Climatology},
  Number = {3-4},
  Pages = {915--928},
  Title = {Characteristics of vegetation activity and its responses to climate change in desert/grassland biome transition zones in the last 30 years based on GIMMS3g},
  Volume = {136},
  Year = {2019},
  Doi = {10.1007/s00704-018-2527-0},
  Issn = {14344483}
}


@Article{hudson2011,
  Author = {{Hudson Dunn}, Allisyn and {de Beurs}, Kirsten M.},
  Journal = {Remote Sensing of Environment},
  Number = {5},
  Pages = {1220--1233},
  Title = {Land surface phenology of North American mountain environments using moderate resolution imaging spectroradiometer data},
  Volume = {115},
  Year = {2011},
  Doi = {10.1016/j.rse.2011.01.005},
  Issn = {00344257}
}


@Article{huete1987,
  Author = {Huete, A. R. and Jackson, R. D.},
  Journal = {Remote Sensing of Environment},
  Number = {2},
  Pages = {213--IN8},
  Publisher = {Elsevier},
  Title = {Suitability of spectral indices for evaluating vegetation characteristics on arid rangelands},
  Volume = {23},
  Year = {1987},
  Doi = {10.1016/0034-4257(87)90038-1},
  Issn = {00344257}
}


@Article{huete1994,
  Author = {Huete, A. and Justice, C. and Liu, H.},
  Journal = {Remote Sensing of Environment},
  Number = {3},
  Pages = {224--234},
  Title = {Development of vegetation and soil indices for MODIS-EOS},
  Volume = {49},
  Year = {1994},
  Doi = {10.1016/0034-4257(94)90018-3},
  Issn = {00344257}
}


@Article{jeong2011,
  Author = {Jeong, Su Jong and Ho, Chang Hoi and Gim, Hyeon Ju and Brown, Molly E.},
  Journal = {Global Change Biology},
  Number = {7},
  Pages = {2385--2399},
  Title = {Phenology shifts at start vs. end of growing season in temperate vegetation over the Northern Hemisphere for the period 1982-2008},
  Volume = {17},
  Year = {2011},
  Doi = {10.1111/j.1365-2486.2011.02397.x},
  Issn = {13541013}
}


@Article{jeong-schimel2017,
  Author = {Jeong, Su Jong and Schimel, David and Frankenberg, Christian and Drewry, Darren T. and Fisher, Joshua B. and Verma, Manish and Berry, Joseph A. and Lee, Jung Eun and Joiner, Joanna},
  Journal = {Remote Sensing of Environment},
  Pages = {178--187},
  Title = {Application of satellite solar-induced chlorophyll fluorescence to understanding large-scale variations in vegetation phenology and function over northern high latitude forests},
  Volume = {190},
  Year = {2017},
  Doi = {10.1016/j.rse.2016.11.021},
  Issn = {00344257}
}


@Article{jiang2006,
  Author = {Jiang, Zhangyan and Huete, Alfredo R. and Chen, Jin and Chen, Yunhao and Li, Jing and Yan, Guangjian and Zhang, Xiaoyu},
  Journal = {Remote Sensing of Environment},
  Number = {3},
  Pages = {366--378},
  Title = {Analysis of NDVI and scaled difference vegetation index retrievals of vegetation fraction},
  Volume = {101},
  Year = {2006},
  Doi = {10.1016/j.rse.2006.01.003},
  Issn = {00344257}
}


@Article{jones2018,
  Author = {Jones, Matthew O. and Allred, Brady W. and Naugle, David E. and Maestas, Jeremy D. and Donnelly, Patrick and Metz, Loretta J. and Karl, Jason and Smith, Rob and Bestelmeyer, Brandon and Boyd, Chad and Kerby, Jay D. and McIver, James D.},
  Journal = {Ecosphere},
  Number = {9},
  Pages = {e02430},
  Title = {Innovation in rangeland monitoring: annual, 30 m, plant functional type percent cover maps for U.S. rangelands, 1984–2017},
  Volume = {9},
  Year = {2018},
  Doi = {10.1002/ecs2.2430},
  Issn = {21508925}
}


@Article{jonsson2004,
  Author = {J{\"{o}}nsson, Per and Eklundh, Lars},
  Journal = {Computers \& Geosciences},
  Number = {8},
  Pages = {833--845},
  Title = {TIMESAT—a program for analyzing time-series of satellite sensor data},
  Volume = {30},
  Year = {2004},
  Doi = {10.1016/j.cageo.2004.05.006},
  Issn = {00983004}
}


@Article{klosterman2018,
  Author = {Klosterman, Stephen and Melaas, Eli and Wang, Jon and Martinez, Arturo and Frederick, Sidni and O'Keefe, John and Orwig, David A. and Wang, Zhuosen and Sun, Qingsong and Schaaf, Crystal and Friedl, Mark and Richardson, Andrew D.},
  Journal = {Agricultural and Forest Meteorology},
  Pages = {397--407},
  Title = {Fine-scale perspectives on landscape phenology from unmanned aerial vehicle (UAV) photography},
  Volume = {248},
  Year = {2018},
  Doi = {10.1016/j.agrformet.2017.10.015},
  Issn = {01681923}
}


@Article{lauenroth2014,
  Author = {Lauenroth, W. K. and Schlaepfer, D. R. and Bradford, J. B.},
  Journal = {Ecosystems},
  Number = {8},
  Pages = {1469--1479},
  Title = {Ecohydrology of Dry Regions: Storage versus Pulse Soil Water Dynamics},
  Volume = {17},
  Year = {2014},
  Doi = {10.1007/s10021-014-9808-y},
  Issn = {14350629}
}


@Article{liu-liu2014,
  Author = {Liu, Lingling and Liu, Liangyun and Liang, Liang and Donnelly, Alison and Park, Isaac and Schwartz, Mark D.},
  Journal = {Chinese Science Bulletin},
  Number = {34},
  Pages = {4856--4863},
  Title = {Effects of elevation on spring phenological sensitivity to temperature in Tibetan Plateau grasslands},
  Volume = {59},
  Year = {2014},
  Doi = {10.1007/s11434-014-0476-2},
  Issn = {1001-6538}
}


@Article{liu-zhang2018,
  Author = {Liu, Lingling and Zhang, Xiaoyang and Yu, Yunyue and Gao, Feng and Yang, Zhengwei},
  Journal = {Remote Sensing},
  Number = {10},
  Pages = {1540},
  Title = {Real-Time Monitoring of Crop Phenology in the Midwestern United States Using VIIRS Observations},
  Volume = {10},
  Year = {2018},
  Doi = {10.3390/rs10101540},
  Issn = {2072-4292}
}


@Article{ma-huete2019,
  Author = {Ma, Xuanlong and Huete, Alfredo and Tran, Ngoc Nguyen},
  Journal = {Remote Sensing},
  Number = {12},
  Pages = {1398},
  Title = {Interaction of seasonal sun-angle and savanna phenology observed and modelled using MODIS},
  Volume = {11},
  Year = {2019},
  Doi = {10.3390/rs11121398},
  Issn = {20724292}
}


@Article{ma2013,
  Author = {Ma, Xuanlong and Huete, Alfredo and Yu, Qiang and Coupe, Natalia Restrepo and Davies, Kevin and Broich, Mark and Ratana, Piyachat and Beringer, Jason and Hutley, Lindsay B. and Cleverly, James and Boulain, Nicolas and Eamus, Derek},
  Journal = {Remote Sensing of Environment},
  Pages = {97--115},
  Title = {Spatial patterns and temporal dynamics in savanna vegetation phenology across the north australian tropical transect},
  Volume = {139},
  Year = {2013},
  Doi = {10.1016/j.rse.2013.07.030},
  Issn = {00344257}
}


@Article{miura2000,
  Author = {Miura, Tomoaki},
  Journal = {IEEE Transactions on Geoscience and Remote Sensing},
  Number = {3},
  Pages = {1399--1409},
  Title = {Evaluation of sensor calibration uncertainties on vegetation indices for MODIS},
  Volume = {38},
  Year = {2000},
  Doi = {10.1109/36.843034},
  Issn = {01962892}
}


@Article{moreno2015,
  Author = {{Moreno-De Las Heras}, M. and D{\'{i}}az-Sierra, R. and Turnbull, L. and Wainwright, J.},
  Journal = {Biogeosciences},
  Number = {10},
  Pages = {2907--2925},
  Title = {Assessing vegetation structure and ANPP dynamics in a grassland-shrubland Chihuahuan ecotone using NDVI-rainfall relationships},
  Volume = {12},
  Year = {2015},
  Doi = {10.5194/bg-12-2907-2015},
  Issn = {17264189}
}


@Article{nagol2009,
  Author = {Nagol, Jyoteshwar R. and Vermote, Eric F. and Prince, Stephen D.},
  Journal = {Remote Sensing of Environment},
  Number = {2},
  Pages = {392--397},
  Publisher = {Elsevier Inc.},
  Title = {Effects of atmospheric variation on AVHRR NDVI data},
  Volume = {113},
  Year = {2009},
  Doi = {10.1016/j.rse.2008.10.007},
  Issn = {00344257}
}


@Article{norris2020,
  Author = {Norris, Jodi R. and Walker, Jessica J.},
  Journal = {Remote Sensing of Environment},
  Pages = {112013},
  Title = {Solar and sensor geometry, not vegetation response, drive satellite NDVI phenology in widespread ecosystems of the western United States},
  Volume = {249},
  Year = {2020},
  Doi = {10.1016/j.rse.2020.112013},
  Issn = {00344257}
}


@Article{ogle2004,
  Author = {Ogle, Kiona and Reynolds, James F.},
  Journal = {Oecologia},
  Number = {2},
  Pages = {282--294},
  Title = {Plant responses to precipitation in desert ecosystems: Integrating functional types, pulses, thresholds, and delays},
  Volume = {141},
  Year = {2004},
  Doi = {10.1007/s00442-004-1507-5},
  Issn = {00298549},
  Pmid = {15007725}
}


@Article{pastick2020,
  Author = {Pastick, Neal J. and Dahal, Devendra and Wylie, Bruce K. and Parajuli, Sujan and Boyte, Stephen P. and Wu, Zhouting},
  Journal = {Remote Sensing},
  Number = {4},
  Pages = {725},
  Title = {Characterizing Land Surface Phenology and Exotic Annual Grasses in Dryland Ecosystems Using Landsat and Sentinel-2 Data in Harmony},
  Volume = {12},
  Year = {2020},
  Doi = {10.3390/rs12040725},
  Issn = {2072-4292}
}


@Article{peng2021,
  Author = {Peng, Dailiang and Wang, Yan and Xian, George and Huete, Alfredo R. and Huang, Wenjiang and Shen, Miaogen and Wang, Fumin and Yu, Le and Liu, Liangyun and Xie, Qiaoyun and Liu, Lingling and Zhang, Xiaoyang},
  Journal = {Remote Sensing of Environment},
  Number = {April 2020},
  Pages = {112133},
  Title = {Investigation of land surface phenology detections in shrublands using multiple scale satellite data},
  Volume = {252},
  Year = {2021},
  Doi = {10.1016/j.rse.2020.112133},
  Issn = {00344257}
}


@Article{peng-zhang2017,
  Author = {Peng, Dailiang and Zhang, Xiaoyang and Zhang, Bing and Liu, Liangyun and Liu, Xinjie and Huete, Alfredo R. and Huang, Wenjiang and Wang, Siyuan and Luo, Shezhou and Zhang, Xiao and Zhang, Helin},
  Journal = {ISPRS Journal of Photogrammetry and Remote Sensing},
  Pages = {185--198},
  Title = {Scaling effects on spring phenology detections from MODIS data at multiple spatial resolutions over the contiguous United States},
  Volume = {132},
  Year = {2017},
  Doi = {10.1016/j.isprsjprs.2017.09.002},
  Issn = {09242716}
}


@Article{piao-wang2020,
  Author = {Piao, Shilong and Wang, Xuhui and Park, Taejin and Chen, Chi and Lian, Xu and He, Yue and Bjerke, Jarle W. and Chen, Anping and Ciais, Philippe and T{\o}mmervik, Hans and Nemani, Ramakrishna R. and Myneni, Ranga B.},
  Journal = {Nature Reviews Earth \& Environment},
  Number = {1},
  Pages = {14--27},
  Title = {Characteristics, drivers and feedbacks of global greening},
  Volume = {1},
  Year = {2020},
  Doi = {10.1038/s43017-019-0001-x},
  Issn = {2662-138X}
}


@Article{rango2006,
  Author = {Rango, Albert and Laliberte, Andrea and Steele, Caiti and Herrick, Jeffrey E. and Bestelmeyer, Brandon and Schmugge, Thomas and Roanhorse, Abigail and Jenkins, Vince},
  Journal = {Environmental Practice},
  Number = {3},
  Pages = {159--168},
  Title = {Using unmanned aerial vehicles for rangelands: Current applications and future potentials},
  Volume = {8},
  Year = {2006},
  Doi = {10.1017/S1466046606060224},
  Issn = {14660466}
}


@Article{reed-brown1994,
  Author = {Reed, Bradley C. and Brown, Jesslyn F. and VanderZee, Darrel and Loveland, Thomas R. and Merchant, James W. and Ohlen, Donald O.},
  Journal = {Journal of Vegetation Science},
  Number = {5},
  Pages = {703--714},
  Title = {Measuring phenological variability from satellite imagery},
  Volume = {5},
  Year = {1994},
  Doi = {10.2307/3235884},
  Issn = {11009233}
}


@Article{richardson2018b,
  Author = {Richardson, Andrew D. and Hufkens, Koen and Milliman, Tom and Frolking, Steve},
  Journal = {Scientific Reports},
  Number = {1},
  Pages = {5679},
  Title = {Intercomparison of phenological transition dates derived from the PhenoCam Dataset V1.0 and MODIS satellite remote sensing},
  Volume = {8},
  Year = {2018},
  Doi = {10.1038/s41598-018-23804-6},
  Issn = {20452322},
  Pmid = {29632311}
}


@Article{sakamoto2010,
  Author = {Sakamoto, Toshihiro and Wardlow, Brian D. and Gitelson, Anatoly A. and Verma, Shashi B. and Suyker, Andrew E. and Arkebauer, Timothy J.},
  Journal = {Remote Sensing of Environment},
  Number = {10},
  Pages = {2146--2159},
  Title = {A Two-Step Filtering approach for detecting maize and soybean phenology with time-series MODIS data},
  Volume = {114},
  Year = {2010},
  Doi = {10.1016/j.rse.2010.04.019},
  Issn = {00344257}
}


@Article{shen-chen2009,
  Author = {Shen, Miaogen and Chen, Jin and Zhu, Xiaolin and Tang, Yanhong},
  Journal = {Canadian Journal of Remote Sensing},
  Number = {2},
  Pages = {99--106},
  Title = {Yellow flowers can decrease NDVI and EVI values: Evidence from a field experiment in an alpine meadow},
  Volume = {35},
  Year = {2009},
  Doi = {10.5589/m09-003},
  Issn = {17127971}
}


@Article{shen-zhang2014,
  Author = {Shen, Miaogen and Zhang, Gengxin and Cong, Nan and Wang, Shiping and Kong, Weidong and Piao, Shilong},
  Journal = {Agricultural and Forest Meteorology},
  Pages = {71--80},
  Title = {Increasing altitudinal gradient of spring vegetation phenology during the last decade on the Qinghai-Tibetan Plateau},
  Volume = {189-190},
  Year = {2014},
  Doi = {10.1016/j.agrformet.2014.01.003},
  Issn = {01681923}
}


@Article{smith2018,
  Author = {Smith, W. K. and Biederman, J. A. and Scott, R. L. and Moore, D. J.P. and He, M. and Kimball, J. S. and Yan, D. and Hudson, A. and Barnes, M. L. and MacBean, N. and Fox, A. M. and Litvak, M. E.},
  Journal = {Geophysical Research Letters},
  Number = {2},
  Pages = {748--757},
  Title = {Chlorophyll Fluorescence Better Captures Seasonal and Interannual Gross Primary Productivity Dynamics Across Dryland Ecosystems of Southwestern North America},
  Volume = {45},
  Year = {2018},
  Doi = {10.1002/2017GL075922},
  Issn = {19448007}
}


@Article{smith2019,
  Author = {Smith, William K. and Dannenberg, Matthew P. and Yan, Dong and Herrmann, Stefanie and Barnes, Mallory L. and Barron-Gafford, Greg A. and Biederman, Joel A. and Ferrenberg, Scott and Fox, Andrew M. and Hudson, Amy and Knowles, John F. and MacBean, Natasha and Moore, David J.P. and Nagler, Pamela L. and Reed, Sasha C. and Rutherford, William A. and Scott, Russell L. and Wang, Xian and Yang, Julia},
  Journal = {Remote Sensing of Environment},
  Number = {October},
  Pages = {111401},
  Publisher = {Elsevier},
  Title = {Remote sensing of dryland ecosystem structure and function: Progress, challenges, and opportunities},
  Volume = {233},
  Year = {2019},
  Doi = {10.1016/j.rse.2019.111401},
  Issn = {00344257}
}


@Inproceedings{sozzi2018,
  Address = {Wageningen, The Netherlands},
  Author = {Sozzi, Marco and Marinello, Francesco and Pezzuolo, Andrea and Sartori, Luigi},
  Booktitle = {Proceedings of the European Conference on Agricultural Engineering AgEng2018},
  Title = {Benchmark of Satellites Image Services for Precision Agricultural use},
  Year = {2018},
  Url = {https://www.research.unipd.it/handle/11577/3272211}
}


@Article{strahler1986,
  Author = {Strahler, Alan H. and Woodcock, Curtis E. and Smith, James A.},
  Journal = {Remote Sensing of Environment},
  Number = {2},
  Pages = {121--139},
  Title = {On the nature of models in remote sensing},
  Volume = {20},
  Year = {1986},
  Doi = {10.1016/0034-4257(86)90018-0},
  Issn = {00344257}
}


@Article{stylinski2002,
  Author = {Stylinski, C. D. and Gamon, J. A. and Oechel, W. C.},
  Journal = {Oecologia},
  Number = {3},
  Pages = {366--374},
  Title = {Seasonal patterns of reflectance indices, carotenoid pigments and photosynthesis of evergreen chaparral species},
  Volume = {131},
  Year = {2002},
  Doi = {10.1007/s00442-002-0905-9},
  Issn = {00298549}
}


@Article{tian2016,
  Author = {Tian, Feng and Brandt, Martin and Liu, Yi Y. and Verger, Aleixandre and Tagesson, Torbern and Diouf, Abdoul A. and Rasmussen, Kjeld and Mbow, Cheikh and Wang, Yunjia and Fensholt, Rasmus},
  Journal = {Remote Sensing of Environment},
  Pages = {265--276},
  Title = {Remote sensing of vegetation dynamics in drylands: Evaluating vegetation optical depth (VOD) using AVHRR NDVI and in situ green biomass data over West African Sahel},
  Volume = {177},
  Year = {2016},
  Doi = {10.1016/j.rse.2016.02.056},
  Issn = {00344257}
}


@Article{walker2014,
  Author = {Walker, J. J. and de Beurs, K. M. and Wynne, R. H.},
  Journal = {Remote Sensing of Environment},
  Pages = {85--97},
  Title = {Dryland vegetation phenology across an elevation gradient in Arizona, USA, investigated with fused MODIS and landsat data},
  Volume = {144},
  Year = {2014},
  Doi = {10.1016/j.rse.2014.01.007},
  Issn = {00344257}
}


@Article{walker2015,
  Author = {Walker, Jessica and de Beurs, Kirsten and Wynne, Randolph H.},
  Journal = {Remote Sensing},
  Number = {8},
  Pages = {10832--10855},
  Title = {Phenological response of an Arizona dryland forest to short-term climatic extremes},
  Volume = {7},
  Year = {2015},
  Doi = {10.3390/rs70810832},
  Issn = {20724292}
}


@Article{wang-beringer2019,
  Author = {Wang, Cong and Beringer, Jason and Hutley, Lindsay B. and Cleverly, James and Li, Jing and Liu, Qinhuo and Sun, Ying},
  Journal = {Geophysical Research Letters},
  Number = {10},
  Pages = {5294--5302},
  Title = {Phenology Dynamics of Dryland Ecosystems Along the North Australian Tropical Transect Revealed by Satellite Solar-Induced Chlorophyll Fluorescence},
  Volume = {46},
  Year = {2019},
  Doi = {10.1029/2019GL082716},
  Issn = {19448007}
}


@Article{wang-xiao2019,
  Author = {Wang, Jie and Xiao, Xiangming and Bajgain, Rajen and Starks, Patrick and Steiner, Jean and Doughty, Russell B. and Chang, Qing},
  Journal = {ISPRS Journal of Photogrammetry and Remote Sensing},
  Pages = {189--201},
  Title = {Estimating leaf area index and aboveground biomass of grazing pastures using Sentinel-1, Sentinel-2 and Landsat images},
  Volume = {154},
  Year = {2019},
  Doi = {10.1016/j.isprsjprs.2019.06.007},
  Issn = {09242716}
}


@Article{weinstein2020,
  Author = {Weinstein, Ben G. and Marconi, Sergio and Bohlman, Stephanie A. and Zare, Alina and White, Ethan P.},
  Journal = {Ecological Informatics},
  Pages = {101061},
  Title = {Cross-site learning in deep learning RGB tree crown detection},
  Volume = {56},
  Year = {2020},
  Doi = {10.1016/j.ecoinf.2020.101061},
  Issn = {15749541}
}


@Article{weiss2004,
  Author = {Weiss, Jeremy L. and Gutzler, David S. and Coonrod, Julia E.Allred and Dahm, Clifford N.},
  Journal = {Journal of Arid Environments},
  Number = {2},
  Pages = {249--272},
  Title = {Long-term vegetation monitoring with NDVI in a diverse semi-arid setting, central New Mexico, USA},
  Volume = {58},
  Year = {2004},
  Doi = {10.1016/j.jaridenv.2003.07.001},
  Issn = {01401963}
}


@Article{white2009,
  Author = {White, Michael A. and de Beurs, Kirsten M. and Didan, Kamel and Inouye, David W. and Richardson, Andrew D. and Jensen, Olaf P. and O'Keefe, John and Zhang, Gong and Nemani, Ramakrishna R. and van Leeuwen, Willem J.D. and Brown, Jesslyn F. and de Wit, Allard and Schaepman, Michael and Lin, Xioamao and Dettinger, Michael and Bailey, Amey S. and Kimball, John and Schwartz, Mark D. and Baldocchi, Dennis D. and Lee, John T. and Lauenroth, William K.},
  Journal = {Global Change Biology},
  Number = {10},
  Pages = {2335--2359},
  Title = {Intercomparison, interpretation, and assessment of spring phenology in North America estimated from remote sensing for 1982-2006},
  Volume = {15},
  Year = {2009},
  Doi = {10.1111/j.1365-2486.2009.01910.x},
  Issn = {13541013}
}


@Article{xin-broich2015,
  Author = {Xin, Qinchuan and Broich, Mark and Zhu, Peng and Gong, Peng},
  Journal = {Remote Sensing of Environment},
  Pages = {63--77},
  Title = {Modeling grassland spring onset across the Western United States using climate variables and MODIS-derived phenology metrics},
  Volume = {161},
  Year = {2015},
  Doi = {10.1016/j.rse.2015.02.003},
  Issn = {00344257}
}


@Article{zeng-wardlow2020,
  Author = {Zeng, Linglin and Wardlow, Brian D. and Xiang, Daxiang and Hu, Shun and Li, Deren},
  Journal = {Remote Sensing of Environment},
  Number = {November 2019},
  Pages = {111511},
  Title = {A review of vegetation phenological metrics extraction using time-series, multispectral satellite data},
  Volume = {237},
  Year = {2020},
  Doi = {10.1016/j.rse.2019.111511},
  Issn = {00344257}
}


@Article{zhang-friedl2009,
  Author = {Zhang, Xiaoyang and Friedl, Mark A. and Schaaf, Crystal B.},
  Journal = {International Journal of Remote Sensing},
  Number = {8},
  Pages = {2061--2074},
  Title = {Sensitivity of vegetation phenology detection to the temporal resolution of satellite data},
  Volume = {30},
  Year = {2009},
  Doi = {10.1080/01431160802549237},
  Issn = {0143-1161}
}


@Article{zhang-friedl2003,
  Author = {Zhang, Xiaoyang and Friedl, Mark A. and Schaaf, Crystal B. and Strahler, Alan H. and Hodges, John C.F. and Gao, Feng and Reed, Bradley C. and Huete, Alfredo},
  Journal = {Remote Sensing of Environment},
  Number = {3},
  Pages = {471--475},
  Title = {Monitoring vegetation phenology using MODIS},
  Volume = {84},
  Year = {2003},
  Doi = {10.1016/S0034-4257(02)00135-9},
  Issn = {00344257}
}


@Article{zhang-goldberg2012,
  Author = {Zhang, Xiaoyang and Goldberg, Mitchell D. and Yu, Yunyue},
  Journal = {Agricultural and Forest Meteorology},
  Pages = {21--29},
  Title = {Prototype for monitoring and forecasting fall foliage coloration in real time from satellite data},
  Volume = {158-159},
  Year = {2012},
  Doi = {10.1016/j.agrformet.2012.01.013},
  Issn = {01681923}
}


@Article{zhang-liu2018,
  Author = {Zhang, Xiaoyang and Liu, Lingling and Liu, Yan and Jayavelu, Senthilnath and Wang, Jianmin and Moon, Minkyu and Henebry, Geoffrey M. and Friedl, Mark A. and Schaaf, Crystal B.},
  Journal = {Remote Sensing of Environment},
  Pages = {212--229},
  Title = {Generation and evaluation of the VIIRS land surface phenology product},
  Volume = {216},
  Year = {2018},
  Doi = {10.1016/j.rse.2018.06.047},
  Issn = {00344257}
}


@Article{zhang-wang2017,
  Author = {Zhang, Xiaoyang and Wang, Jianmin and Gao, Feng and Liu, Yan and Schaaf, Crystal and Friedl, Mark and Yu, Yunyue and Jayavelu, Senthilnath and Gray, Joshua and Liu, Lingling and Yan, Dong and Henebry, Geoffrey M.},
  Journal = {Remote Sensing of Environment},
  Pages = {318--330},
  Title = {Exploration of scaling effects on coarse resolution land surface phenology},
  Volume = {190},
  Year = {2017},
  Doi = {10.1016/j.rse.2017.01.001},
  Issn = {00344257}
}


@Article{zhu2012,
  Author = {Zhu, Wenquan and Tian, Hanqin and Xu, Xiaofeng and Pan, Yaozhong and Chen, Guangsheng and Lin, Wenpeng},
  Journal = {Global Ecology and Biogeography},
  Number = {2},
  Pages = {260--271},
  Title = {Extension of the growing season due to delayed autumn over mid and high latitudes in North America during 1982-2006},
  Volume = {21},
  Year = {2012},
  Doi = {10.1111/j.1466-8238.2011.00675.x},
  Issn = {1466822X}
}

@inbook{safriel2005,
author = {Safriel, Uriel and Adeel, Zafar and Niemeijer, David and Puigdefabregas, Juan and White, Robin and Lal, Rattan and Winslow, Mark and Ziedler, Juliane and Prince, Stephen and Archer, Emma and King, Caroline and Shapiro, Barry and Wessels, Konrad and Nielsen, {Thomas Theis} and Portnov, Boris and Reshef, Inbal and Thornell, Jillian and Lachman, Ester and McNab, Douglas},
booktitle = {Ecosystems and Human Well-being: Current State and Trends.},
editor = {Hassan, Rashid and Scholes, Robert and Ash, Neville},
isbn = {9781559632270},
pages = {623--662},
publisher = {Island Press},
title = {{Dryland systems}},
volume = {1},
year = {2005}
}

@article{aiken2017,
author = {Aikens, Ellen O. and Kauffman, Matthew J. and Merkle, Jerod A. and Dwinnell, Samantha P. H. and Fralick, Gary L. and Monteith, Kevin L.},
doi = {10.1111/ele.12772},
editor = {Nathan, Ran},
issn = {1461-023X},
journal = {Ecology Letters},
number = {6},
pages = {741--750},
title = {{The greenscape shapes surfing of resource waves in a large migratory herbivore}},
url = {https://onlinelibrary.wiley.com/doi/10.1111/ele.12772},
volume = {20},
year = {2017}
}

@article{whitley2017,
author = {Whitley, Rhys and Beringer, Jason and Hutley, Lindsay B. and Abramowitz, Gabriel and {De Kauwe}, Martin G. and Evans, Bradley and Haverd, Vanessa and Li, Longhui and Moore, Caitlin and Ryu, Youngryel and Scheiter, Simon and Schymanski, Stanislaus J. and Smith, Benjamin and Wang, Ying-Ping and Williams, Mathew and Yu, Qiang},
doi = {10.5194/bg-14-4711-2017},
issn = {1726-4189},
journal = {Biogeosciences},
number = {20},
pages = {4711--4732},
title = {{Challenges and opportunities in land surface modelling of savanna ecosystems}},
url = {https://bg.copernicus.org/articles/14/4711/2017/},
volume = {14},
year = {2017}
}

@article{renwick2019,
author = {Renwick, Katherine M. and Fellows, Aaron and Flerchinger, Gerald N. and Lohse, Kathleen A. and Clark, Patrick E. and Smith, William K. and Emmett, Kristen and Poulter, Benjamin},
doi = {10.1016/j.agrformet.2019.04.003},
issn = {01681923},
journal = {Agricultural and Forest Meteorology},
pages = {85--94},
title = {{Modeling phenological controls on carbon dynamics in dryland sagebrush ecosystems}},
url = {https://linkinghub.elsevier.com/retrieve/pii/S0168192319301431},
volume = {274},
year = {2019}
}

@article{chapin1996,
address = {Cambridge},
author = {Chapin, F S and Diaz, S and Howden, M and Puigdef{\'{a}}bregas, J and Smith, M S},
editor = {Watson, Robert T and Zinyowera, M C and Moss, Richard H},
journal = {Climate Change 1995: Impacts, Adaptations and Mitigation of Climate Change: Scientific-Technical Analyses},
pages = {135--158},
publisher = {Cambridge University Press},
title = {{Rangelands in a Changing Climate: Impacts, Adaptations and Mitigation}},
year = {1996}
}

@article{VanLeeuwen2010,
author = {{Van Leeuwen}, Willem J.D. and Davison, Jennifer E. and Casady, Grant M. and Marsh, Stuart E.},
doi = {10.3390/rs2020388},
issn = {2072-4292},
journal = {Remote Sensing},
number = {2},
pages = {388--415},
title = {{Phenological Characterization of Desert Sky Island Vegetation Communities with Remotely Sensed and Climate Time Series Data}},
url = {http://www.mdpi.com/2072-4292/2/2/388},
volume = {2},
year = {2010}
}

@article{tateishi2004,
author = {Tateishi, R. and Ebata, M.},
doi = {10.1080/01431160310001618455},
issn = {0143-1161},
journal = {International Journal of Remote Sensing},
number = {12},
pages = {2287--2300},
title = {{Analysis of phenological change patterns using 1982–2000 Advanced Very High Resolution Radiometer (AVHRR) data}},
url = {https://www.tandfonline.com/doi/full/10.1080/01431160310001618455},
volume = {25},
year = {2004}
}

@article{white2007,
author = {White, Michael A. and Thornton, Peter E. and Running, Steven W.},
doi = {10.1029/97GB00330},
issn = {08866236},
journal = {Global Biogeochemical Cycles},
number = {2},
pages = {217--234},
title = {{A continental phenology model for monitoring vegetation responses to interannual climatic variability}},
url = {http://doi.wiley.com/10.1029/97GB00330},
volume = {11},
year = {1997}
}
